3244 4887
698 563 726 587 ,

690 595 785 680 '48
973 592 983 603 ⁴
1441 633 2019 683 Anacnm‘rmeu

608 842 611 843 ⁷
689 744 1258 846 superimpositis.
1317 744 1541 821 Folia‘
1568 751 2025 845 integerrima,
2085 754 2776 851 lineari-lanceolata,

687 864 1217 965 patentiuseula,
1256 883 1475 960 acuta,
1516 870 1982 963 canaliculata,
2020 871 2262 943 subtus
2297 877 2556 975 striata,
2595 880 2780 951 striis

683 978 922 1083 parum
969 986 1396 1082 prominuliS,
1456 990 1853 1083 vaginantia.
1898 989 2137 1068 Caulis
2184 977 2482 1083 erectus,
2538 984 2780 1090 olygo-

683 1104 993 1203 phyllus,
1030 1103 1348 1203 palmaris
1378 1108 1492 1178 vet
1526 1108 1822 1204 pedalis.
1860 1109 2103 1181 Flores
2136 1111 2431 1182 violacei
2460 1111 2527 1182 in
2557 1114 2775 1209 spica,

685 1223 864 1314 laxa,
917 1225 1601 1321 ovato-pyramidata,
1634 1227 1965 1321 elongata.
2028 1229 2374 1326 Perigonii
2438 1230 2719 1302 laciniae
2750 1283 2772 1320 ,

681 1357 822 1416 tres
869 1346 1236 1417 exteriores
1266 1398 1287 1435 ,
1328 1345 1765 1436 lanceolatae,
1807 1347 2118 1439 obtusae,
2164 1373 2520 1438 concavae,
2560 1351 2774 1421 viola-

664 1490 866 1555 ceae,
899 1464 1150 1535 labello
1180 1465 1557 1556 breviores»,
1594 1465 1822 1537 media.
1850 1480 2098 1556 erecta,
2132 1466 2534 1538 lateralibus
2556 1479 2771 1538 retro-

680 1582 900 1673 flexis;
931 1583 1127 1654 binae
1160 1583 1519 1655 interiores.
1537 1584 1997 1673 conniventeS,
2026 1583 2730 1656 lineari-lanceolatae
2747 1639 2767 1676 ,

683 1703 987 1793 obtusae,
1001 1703 1450 1774 exterioribus
1472 1701 2209 1774 breviores.Labellum
2237 1701 2768 1775 late-obovatum

606 1832 609 1835 '
680 1818 1147 1913 obeordatum,
1204 1819 1436 1892 ovario
1479 1820 1791 1911 brevius,
1850 1817 2204 1910 trilobum,
2242 1819 2426 1889 lobis
2474 1821 2770 1894 laterali-

678 1936 810 2006 bus
857 1935 1266 2027 rotundatiS,
1302 1936 1826 2009 horitontalibus
1876 1938 1986 2009 vel
2035 1937 2343 2028 deflexis,
2394 1939 2619 2009 medio
2653 1965 2765 2010 an-

675 2056 972 2150 gustiore
1024 2054 1426 2149 emarginato
1476 2055 1587 2126 vel
1639 2055 1902 2126 bilobo.
1964 2057 2203 2128 Calcar
2251 2050 2700 2154 cylindricuni
2733 2109 2754 2146 ,

675 2183 961 2261 rectum,
1019 2169 1430 2267 dependenS,
1471 2174 1703 2246 ovario
1739 2174 1964 2272 duplo·
1993 2178 2293 2268 brevius,
2333 2178 2760 2249 obtusiuscu-

673 2292 842 2365 lum.
900 2288 1415 2386 Gynostemium
1463 2294 1805 2390 perigonii
1845 2280 2124 2394 =laciniis
2154 2295 2763 2368 exterioribus‘du-

676 2409 800 2508 plo
830 2410 1125 2482 brevius.
1168 2411 1488 2484 Bracteae
1521 2411 1933 2485 lanceolatae
1965 2425 2230 2504 acutae,
2266 2425 2523 2507 roseae,
2565 2416 2756 2487 stria-

672 2544 807 2619 tae,
861 2535 1160 2603 ovarium
1195 2544 1585 2628 superantes
1639 2530 1906 2603 demum
1958 2542 2343 2627 aequantes.

767 2649 913 2721 Diu*
957 2652 1195 2721 anxius
1239 2651 1337 2721 fui
1395 2676 1477 2721 an
1537 2647 1895 2724 Orchidem
1943 2654 2518 2721 mediterraneam
2550 2650 2750 2724 Guss.

674 2766 973 2861 eamdem
1033 2792 1110 2836 ac
1167 2763 1258 2838 0.
1303 2769 1674 2863 palustrem
1722 2766 1928 2866 Jacq.
1986 2793 2133 2839 esse
2184 2769 2274 2838 ob
2326 2769 2582 2841 calcari-
2634 2768 2756 2840 de-

667 2886 1028 2983 pendent,
1066 2883 1257 2982 quod
1287 2911 1327 2957 a
1353 2884 1850 2977 Willdenovio,
1905 2910 1989 2957 ac
2034 2886 2439 2982 Sprengelio
2475 2888 2754 2959 adscen-

671 3004 848 3075 dens
893 3002 1172 3073 dicitur.
1232 3004 1341 3078 Cl.
1401 3002 1785 3075 Gussonius
1835 3005 1905 3076 in
1966 3005 2217 3078 litteris
2274 3031 2380 3077 me
2440 2995 2761 3095 monuit,

670 3118 749 3195 se
795 3147 876 3191 ex
930 3116 1274 3191 Botacinis
1326 3120 1967 3194 Vindebonensibus
2005 3124 2346 3220 accepisse
2382 3123 2747 3221 specimina

667 3241 772 3313 uti
823 3241 1208 3312 authentica
1252 3239 1340 3313 Ο.
1386 3241 1757 3338 palustrem
1788 3240 2025 3342 Jacq.,
2066 3265 2237 3337 quae
2288 3240 2613 3311 labellum
2646 3241 2744 3311 ita

660 3361 1101 3434 constrictum
1149 3356 1397 3430 habent
1429 3415 1450 3452 ,
1502 3373 1578 3431 ut
1631 3362 1719 3432 ab
1777 3358 1867 3433 O.
1926 3362 2237 3451 lavitlora
2288 3388 2422 3433 non
2473 3360 2743 3432 differre

660 3482 1017 3571 videntur,
1072 3479 1251 3550 idem
1290 3463 1492 3552 etiam
1540 3481 1707 3551 mihi
1756 3482 2015 3553 monuit
2074 3480 2163 3554 Ο.
2211 3481 2533 3578 palustris
2580 3504 2741 3575 pro-

655 3606 862 3677 latam
909 3628 947 3673 a
998 3602 1474 3674 Reiclzenbacio
1526 3607 1602 3675 in
1636 3617 1803 3672 cent.
1857 3630 1962 3675 lx.
2030 3629 2108 3670 η.
2163 3601 2370 3673 4422
2428 3600 2733 3696 quamvis

570 3800 579 3808 ,
654 3723 753 3798 ’ab
799 3719 1053 3818 labello
1106 3719 1575 3791 lato-obovato
1627 3745 1784 3791 cum
1831 3746 1948 3791 sua
2007 3709 2095 3794 Ο.
2138 3726 2618 3793 mediterranea
2654 3744 2739 3788 ex

580 3843 585 3846 ’
653 3857 804 3910 asse
851 3838 1204 3934 quadrare,
1260 3851 1479 3910 tamen
1532 3838 1787 3910 calcare
1819 3838 2241 3942 ascendente,
2271 3837 2607 3936 perigenii
2640 3836 2739 3908 la-

656 3957 857 4028 ciniis
908 3957 1152 4043 aeutiS,
1177 4018 1183 4022 .
1210 3969 1277 4025 et
1329 3958 1583 4031 labello
1636 3958 2047 4032 denticulato
2096 3960 2434 4034 recedere.

755 4075 895 4146 Sed
946 4074 1192 4166 hodie,
1249 4077 1418 4147 visis
1471 4076 1955 4174 speciminibus
2005 4077 2405 4151 authenticis
2464 4079 2554 4155 0.
2603 4107 2740 4177 pa-
