<?xml version="1.0" encoding="UTF-8"?>
<!DOCTYPE html PUBLIC "-//W3C//DTD XHTML 1.0 Transitional//EN"
    "http://www.w3.org/TR/xhtml1/DTD/xhtml1-transitional.dtd">
<html xmlns="http://www.w3.org/1999/xhtml" xml:lang="en" lang="en">
 <head>
  <title>
</title>
<meta http-equiv="Content-Type" content="text/html;charset=utf-8" />
  <meta name='ocr-system' content='tesseract 3.04.00' />
  <meta name='ocr-capabilities' content='ocr_page ocr_carea ocr_par ocr_line ocrx_word'/>
</head>
<body>
  <div class='ocr_page' id='page_1' title='image "./orchideaesicula00todagoog/orchideaesicula00todagoog_0078.png"; bbox 0 0 3244 4887; ppageno 0'>
   <div class='ocr_carea' id='block_1_1' title="bbox 723 622 2043 716">
    <p class='ocr_par' dir='ltr' id='par_1_1' title="bbox 723 622 2043 716">
     <span class='ocr_line' id='line_1_1' title="bbox 723 622 2043 716; baseline 0.002 -26"><span class='ocrx_word' id='word_1_1' title='bbox 723 622 816 690; x_wconf 84' lang='lat'><strong>72</strong></span> <span class='ocrx_word' id='word_1_2' title='bbox 1210 711 1217 716; x_wconf 12' lang='grc' dir='ltr'><strong><em>ἡ</em></strong></span> <span class='ocrx_word' id='word_1_3' title='bbox 1470 642 2043 692; x_wconf 55' lang='lat' dir='ltr'><strong>Ameriam-ronan</strong></span> 
     </span>
    </p>
   </div>
   <div class='ocr_carea' id='block_1_2' title="bbox 653 758 2812 3220">
    <p class='ocr_par' dir='ltr' id='par_1_2' title="bbox 653 758 2812 2038">
     <span class='ocr_line' id='line_1_2' title="bbox 723 758 2812 857; baseline 0.001 -28"><span class='ocrx_word' id='word_1_4' title='bbox 723 758 966 830; x_wconf 85' lang='lat' dir='ltr'><strong>iterum</strong></span> <span class='ocrx_word' id='word_1_5' title='bbox 1021 781 1132 827; x_wconf 74' lang='lat' dir='ltr'><strong>cas</strong></span> <span class='ocrx_word' id='word_1_6' title='bbox 1149 758 1561 829; x_wconf 85' lang='lat' dir='ltr'><strong>constituens</strong></span> <span class='ocrx_word' id='word_1_7' title='bbox 1615 761 1837 833; x_wconf 88' lang='lat' dir='ltr'><strong>omnia</strong></span> <span class='ocrx_word' id='word_1_8' title='bbox 1897 787 2138 857; x_wconf 86' lang='lat' dir='ltr'><strong>genera</strong></span> <span class='ocrx_word' id='word_1_9' title='bbox 2190 762 2526 836; x_wconf 89' lang='lat' dir='ltr'><strong>Linneana</strong></span> <span class='ocrx_word' id='word_1_10' title='bbox 2577 765 2645 834; x_wconf 91' lang='lat' dir='ltr'><strong>in</strong></span> <span class='ocrx_word' id='word_1_11' title='bbox 2689 758 2812 832; x_wconf 63' lang='lat' dir='ltr'><strong>&#39;Iu-</strong></span> 
     </span>
     <span class='ocr_line' id='line_1_3' title="bbox 728 872 2811 973; baseline 0.002 -27"><span class='ocrx_word' id='word_1_12' title='bbox 728 897 871 946; x_wconf 86' lang='lat' dir='ltr'><strong>cem</strong></span> <span class='ocrx_word' id='word_1_13' title='bbox 924 872 1219 964; x_wconf 84' lang='lat' dir='ltr'><strong>reduxit,</strong></span> <span class='ocrx_word' id='word_1_14' title='bbox 1273 874 1712 973; x_wconf 80' lang='lat' dir='ltr'><strong>Serapiadem</strong></span> <span class='ocrx_word' id='word_1_15' title='bbox 1762 880 2136 950; x_wconf 80' lang='lat' dir='ltr'><strong>rectissime</strong></span> <span class='ocrx_word' id='word_1_16' title='bbox 2172 880 2500 973; x_wconf 88' lang='lat' dir='ltr'><strong>definivit,</strong></span> <span class='ocrx_word' id='word_1_17' title='bbox 2539 881 2811 959; x_wconf 78' lang='lat' dir='ltr'><strong>substu-</strong></span> 
     </span>
     <span class='ocr_line' id='line_1_4' title="bbox 716 990 2806 1095; baseline 0.002 -31"><span class='ocrx_word' id='word_1_18' title='bbox 716 994 799 1065; x_wconf 88' lang='lat' dir='ltr'><strong>lit</strong></span> <span class='ocrx_word' id='word_1_19' title='bbox 849 993 936 1064; x_wconf 89' lang='lat' dir='ltr'><strong>ab</strong></span> <span class='ocrx_word' id='word_1_20' title='bbox 993 990 1436 1094; x_wconf 80' lang='lat' dir='ltr'><strong>Oplzrydibus</strong></span> <span class='ocrx_word' id='word_1_21' title='bbox 1487 992 1791 1065; x_wconf 60' lang='grc' dir='ltr'><strong>Νυσαίας</strong></span> <span class='ocrx_word' id='word_1_22' title='bbox 1826 995 2208 1087; x_wconf 84' lang='lat' dir='ltr'><strong>Richardii,</strong></span> <span class='ocrx_word' id='word_1_23' title='bbox 2249 1012 2447 1095; x_wconf 87' lang='lat' dir='ltr'><strong>atque</strong></span> <span class='ocrx_word' id='word_1_24' title='bbox 2498 1024 2578 1069; x_wconf 88' lang='lat' dir='ltr'><strong>ex</strong></span> <span class='ocrx_word' id='word_1_25' title='bbox 2628 998 2806 1089; x_wconf 84' lang='lat' dir='ltr'><strong>istis,</strong></span> 
     </span>
     <span class='ocr_line' id='line_1_5' title="bbox 717 1111 2811 1212; baseline 0.001 -29"><span class='ocrx_word' id='word_1_26' title='bbox 717 1138 802 1183; x_wconf 84' lang='lat' dir='ltr'><strong>ex</strong></span> <span class='ocrx_word' id='word_1_27' title='bbox 851 1111 1370 1210; x_wconf 64' lang='lat' dir='ltr'><strong>Epepactidibus</strong></span> <span class='ocrx_word' id='word_1_28' title='bbox 1423 1124 1492 1182; x_wconf 88' lang='lat' dir='ltr'><strong>et</strong></span> <span class='ocrx_word' id='word_1_29' title='bbox 1550 1112 2096 1210; x_wconf 75' lang='lat' dir='ltr'><strong>Ceplzalantlzeris</strong></span> <span class='ocrx_word' id='word_1_30' title='bbox 2125 1117 2425 1212; x_wconf 85' lang='lat' dir='ltr'><strong>ejusdem</strong></span> <span class='ocrx_word' id='word_1_31' title='bbox 2459 1115 2811 1188; x_wconf 84' lang='lat' dir='ltr'><strong>Richardii</strong></span> 
     </span>
     <span class='ocr_line' id='line_1_6' title="bbox 653 1230 2811 1330; baseline 0.001 -29"><span class='ocrx_word' id='word_1_32' title='bbox 653 1296 659 1301; x_wconf 85' lang='lat'><strong>.</strong></span> <span class='ocrx_word' id='word_1_33' title='bbox 714 1230 955 1301; x_wconf 86' lang='lat' dir='ltr'><strong>iterum</strong></span> <span class='ocrx_word' id='word_1_34' title='bbox 992 1254 1202 1326; x_wconf 84' lang='lat' dir='ltr'><strong>genus</strong></span> <span class='ocrx_word' id='word_1_35' title='bbox 1227 1230 1580 1329; x_wconf 81' lang='lat' dir='ltr'><strong>Epipactis</strong></span> <span class='ocrx_word' id='word_1_36' title='bbox 1631 1234 1917 1328; x_wconf 83' lang='lat' dir='ltr'><strong>paravit.</strong></span> <span class='ocrx_word' id='word_1_37' title='bbox 1962 1232 2073 1303; x_wconf 87' lang='lat' dir='ltr'><strong>Cl.</strong></span> <span class='ocrx_word' id='word_1_38' title='bbox 2106 1233 2464 1305; x_wconf 86' lang='lat' dir='ltr'><strong>Brownius</strong></span> <span class='ocrx_word' id='word_1_39' title='bbox 2515 1234 2811 1330; x_wconf 82' lang='lat' dir='ltr'><strong>exquisi-</strong></span> 
     </span>
     <span class='ocr_line' id='line_1_7' title="bbox 715 1336 2811 1444; baseline 0.002 -28"><span class='ocrx_word' id='word_1_40' title='bbox 715 1360 786 1419; x_wconf 90' lang='lat' dir='ltr'><strong>te</strong></span> <span class='ocrx_word' id='word_1_41' title='bbox 821 1373 900 1418; x_wconf 87' lang='lat' dir='ltr'><strong>ac</strong></span> <span class='ocrx_word' id='word_1_42' title='bbox 949 1336 1244 1421; x_wconf 78' lang='lat' dir='ltr'><strong>feliciter</strong></span> <span class='ocrx_word' id='word_1_43' title='bbox 1298 1363 1698 1444; x_wconf 83' lang='lat' dir='ltr'><strong>structuram</strong></span> <span class='ocrx_word' id='word_1_44' title='bbox 1733 1347 2218 1421; x_wconf 88' lang='lat' dir='ltr'><strong>Orchidearum</strong></span> <span class='ocrx_word' id='word_1_45' title='bbox 2255 1349 2615 1440; x_wconf 81' lang='lat' dir='ltr'><strong>intellexit,</strong></span> <span class='ocrx_word' id='word_1_46' title='bbox 2653 1350 2811 1421; x_wconf 87' lang='lat' dir='ltr'><strong>inde</strong></span> 
     </span>
     <span class='ocr_line' id='line_1_8' title="bbox 713 1467 2806 1563; baseline 0.001 -28"><span class='ocrx_word' id='word_1_47' title='bbox 713 1480 909 1539; x_wconf 88' lang='lat' dir='ltr'><strong>notas</strong></span> <span class='ocrx_word' id='word_1_48' title='bbox 960 1471 1303 1563; x_wconf 85' lang='lat' dir='ltr'><strong>genericas</strong></span> <span class='ocrx_word' id='word_1_49' title='bbox 1351 1469 1677 1538; x_wconf 88' lang='lat' dir='ltr'><strong>rectiores</strong></span> <span class='ocrx_word' id='word_1_50' title='bbox 1728 1492 1805 1538; x_wconf 88' lang='lat' dir='ltr'><strong>ac</strong></span> <span class='ocrx_word' id='word_1_51' title='bbox 1856 1467 2195 1538; x_wconf 79' lang='lat' dir='ltr'><strong>naturales</strong></span> <span class='ocrx_word' id='word_1_52' title='bbox 2247 1467 2685 1559; x_wconf 89' lang='lat' dir='ltr'><strong>constituens,</strong></span> <span class='ocrx_word' id='word_1_53' title='bbox 2720 1467 2806 1538; x_wconf 87' lang='lat' dir='ltr'><strong>ab</strong></span> 
     </span>
     <span class='ocr_line' id='line_1_9' title="bbox 711 1584 2808 1687; baseline -0 -32"><span class='ocrx_word' id='word_1_54' title='bbox 711 1585 1117 1683; x_wconf 77' lang='lat' dir='ltr'><strong>Epipaclidc</strong></span> <span class='ocrx_word' id='word_1_55' title='bbox 1171 1585 1487 1656; x_wconf 84' lang='lat' dir='ltr'><strong>Swartzii</strong></span> <span class='ocrx_word' id='word_1_56' title='bbox 1573 1584 1968 1687; x_wconf 72' lang='lat' dir='ltr'><strong>Ophtydem</strong></span> <span class='ocrx_word' id='word_1_57' title='bbox 2022 1603 2281 1658; x_wconf 84' lang='lat' dir='ltr'><strong>ovatam</strong></span> <span class='ocrx_word' id='word_1_58' title='bbox 2312 1639 2331 1676; x_wconf 92' lang='lat'><strong>,</strong></span> <span class='ocrx_word' id='word_1_59' title='bbox 2392 1599 2458 1656; x_wconf 85' lang='lat' dir='ltr'><strong>et</strong></span> <span class='ocrx_word' id='word_1_60' title='bbox 2516 1585 2605 1659; x_wconf 88' lang='lat'><strong>0.</strong></span> <span class='ocrx_word' id='word_1_61' title='bbox 2666 1613 2808 1657; x_wconf 85' lang='lat' dir='ltr'><strong>cor-</strong></span> 
     </span>
     <span class='ocr_line' id='line_1_10' title="bbox 713 1700 2804 1799; baseline 0.001 -26"><span class='ocrx_word' id='word_1_62' title='bbox 713 1700 934 1775; x_wconf 67' lang='lat' dir='ltr'><strong>datum</strong></span> <span class='ocrx_word' id='word_1_63' title='bbox 987 1705 1335 1794; x_wconf 81' lang='lat' dir='ltr'><strong>substulit,</strong></span> <span class='ocrx_word' id='word_1_64' title='bbox 1393 1728 1471 1775; x_wconf 89' lang='lat' dir='ltr'><strong>ac</strong></span> <span class='ocrx_word' id='word_1_65' title='bbox 1523 1728 1758 1798; x_wconf 80' lang='lat' dir='ltr'><strong>genuS,</strong></span> <span class='ocrx_word' id='word_1_66' title='bbox 1798 1703 1985 1799; x_wconf 89' lang='lat' dir='ltr'><strong>quod</strong></span> <span class='ocrx_word' id='word_1_67' title='bbox 2019 1703 2284 1775; x_wconf 71' lang='lat' dir='ltr'><strong>Listcra</strong></span> <span class='ocrx_word' id='word_1_68' title='bbox 2310 1704 2607 1795; x_wconf 86' lang='lat' dir='ltr'><strong>vocavit,</strong></span> <span class='ocrx_word' id='word_1_69' title='bbox 2648 1731 2804 1777; x_wconf 91' lang='lat' dir='ltr'><strong>con-</strong></span> 
     </span>
     <span class='ocr_line' id='line_1_11' title="bbox 714 1820 2807 1924; baseline 0.002 -34"><span class='ocrx_word' id='word_1_70' title='bbox 714 1821 994 1910; x_wconf 83' lang='lat' dir='ltr'><strong>stituit3</strong></span> <span class='ocrx_word' id='word_1_71' title='bbox 1054 1821 1213 1891; x_wconf 90' lang='lat' dir='ltr'><strong>huic</strong></span> <span class='ocrx_word' id='word_1_72' title='bbox 1245 1821 1332 1891; x_wconf 89' lang='lat' dir='ltr'><strong>cl.</strong></span> <span class='ocrx_word' id='word_1_73' title='bbox 1376 1820 1784 1892; x_wconf 73' lang='lat' dir='ltr'><strong>Richardins</strong></span> <span class='ocrx_word' id='word_1_74' title='bbox 1830 1820 2220 1924; x_wconf 78' lang='lat' dir='ltr'><strong>Oplzrydem</strong></span> <span class='ocrx_word' id='word_1_75' title='bbox 2248 1828 2454 1893; x_wconf 77' lang='lat' dir='ltr'><strong>nidus</strong></span> <span class='ocrx_word' id='word_1_76' title='bbox 2491 1827 2641 1894; x_wconf 75' lang='lat' dir='ltr'><strong>avis</strong></span> <span class='ocrx_word' id='word_1_77' title='bbox 2692 1822 2807 1895; x_wconf 86' lang='lat' dir='ltr'><strong>ad-</strong></span> 
     </span>
     <span class='ocr_line' id='line_1_12' title="bbox 718 1937 2493 2038; baseline 0.001 -29"><span class='ocrx_word' id='word_1_78' title='bbox 718 1938 921 2026; x_wconf 83' lang='lat' dir='ltr'><strong>didit,</strong></span> <span class='ocrx_word' id='word_1_79' title='bbox 980 1951 1072 2026; x_wconf 89' lang='lat' dir='ltr'><strong>et,</strong></span> <span class='ocrx_word' id='word_1_80' title='bbox 1129 1948 1384 2007; x_wconf 85' lang='lat' dir='ltr'><strong>mutato</strong></span> <span class='ocrx_word' id='word_1_81' title='bbox 1438 1939 1731 2027; x_wconf 91' lang='lat' dir='ltr'><strong>nomine,</strong></span> <span class='ocrx_word' id='word_1_82' title='bbox 1788 1937 2058 2010; x_wconf 79' lang='lat' dir='ltr'><strong>Neottia</strong></span> <span class='ocrx_word' id='word_1_83' title='bbox 2101 1941 2493 2038; x_wconf 87' lang='lat' dir='ltr'><strong>appellavit.</strong></span> 
     </span>
    </p>

    <p class='ocr_par' dir='ltr' id='par_1_3' title="bbox 701 2054 2806 3220">
     <span class='ocr_line' id='line_1_13' title="bbox 819 2054 2806 2160; baseline 0.001 -34"><span class='ocrx_word' id='word_1_84' title='bbox 819 2056 922 2126; x_wconf 86' lang='lat' dir='ltr'><strong>Ex</strong></span> <span class='ocrx_word' id='word_1_85' title='bbox 972 2055 1178 2126; x_wconf 91' lang='lat' dir='ltr'><strong>dictis</strong></span> <span class='ocrx_word' id='word_1_86' title='bbox 1229 2066 1418 2151; x_wconf 89' lang='lat' dir='ltr'><strong>patet</strong></span> <span class='ocrx_word' id='word_1_87' title='bbox 1469 2055 1740 2126; x_wconf 83' lang='lat' dir='ltr'><strong>Neottia</strong></span> <span class='ocrx_word' id='word_1_88' title='bbox 1773 2054 2120 2126; x_wconf 86' lang='lat' dir='ltr'><strong>Richardii</strong></span> <span class='ocrx_word' id='word_1_89' title='bbox 2152 2058 2237 2127; x_wconf 82' lang='lat' dir='ltr'><strong>ab</strong></span> <span class='ocrx_word' id='word_1_90' title='bbox 2279 2056 2600 2157; x_wconf 70' lang='lat' dir='ltr'><strong>Ophaeyde</strong></span> <span class='ocrx_word' id='word_1_91' title='bbox 2642 2058 2806 2160; x_wconf 63' lang='lat' dir='ltr'><strong>Sco-7</strong></span> 
     </span>
     <span class='ocr_line' id='line_1_14' title="bbox 709 2171 2803 2272; baseline 0 -28"><span class='ocrx_word' id='word_1_92' title='bbox 709 2174 887 2272; x_wconf 87' lang='lat' dir='ltr'><strong>polii</strong></span> <span class='ocrx_word' id='word_1_93' title='bbox 937 2174 1128 2246; x_wconf 90' lang='lat' dir='ltr'><strong>nullo</strong></span> <span class='ocrx_word' id='word_1_94' title='bbox 1179 2173 1381 2245; x_wconf 91' lang='lat' dir='ltr'><strong>modo</strong></span> <span class='ocrx_word' id='word_1_95' title='bbox 1434 2172 1702 2262; x_wconf 85' lang='lat' dir='ltr'><strong>differe,</strong></span> <span class='ocrx_word' id='word_1_96' title='bbox 1760 2183 1829 2243; x_wconf 86' lang='lat' dir='ltr'><strong>et</strong></span> <span class='ocrx_word' id='word_1_97' title='bbox 1874 2171 2133 2243; x_wconf 79' lang='lat' dir='ltr'><strong>Listera</strong></span> <span class='ocrx_word' id='word_1_98' title='bbox 2182 2172 2487 2242; x_wconf 87' lang='lat' dir='ltr'><strong>Brownii</strong></span> <span class='ocrx_word' id='word_1_99' title='bbox 2540 2183 2803 2244; x_wconf 88' lang='lat' dir='ltr'><strong>contra·</strong></span> 
     </span>
     <span class='ocr_line' id='line_1_15' title="bbox 712 2287 2802 2395; baseline -0.001 -32"><span class='ocrx_word' id='word_1_100' title='bbox 712 2295 1007 2364; x_wconf 88' lang='lat' dir='ltr'><strong>ctionem</strong></span> <span class='ocrx_word' id='word_1_101' title='bbox 1051 2291 1401 2395; x_wconf 77' lang='lat' dir='ltr'><strong>Ophrydis</strong></span> <span class='ocrx_word' id='word_1_102' title='bbox 1455 2289 1770 2385; x_wconf 90' lang='lat' dir='ltr'><strong>Scopolii</strong></span> <span class='ocrx_word' id='word_1_103' title='bbox 1818 2290 2076 2383; x_wconf 82' lang='lat' dir='ltr'><strong>absque</strong></span> <span class='ocrx_word' id='word_1_104' title='bbox 2127 2288 2272 2358; x_wconf 87' lang='lat' dir='ltr'><strong>ullo</strong></span> <span class='ocrx_word' id='word_1_105' title='bbox 2323 2287 2537 2360; x_wconf 92' lang='lat' dir='ltr'><strong>dubio</strong></span> <span class='ocrx_word' id='word_1_106' title='bbox 2592 2315 2738 2361; x_wconf 89' lang='lat' dir='ltr'><strong>esse</strong></span> <span class='ocrx_word' id='word_1_107' title='bbox 2778 2319 2802 2384; x_wconf 77' lang='lat'>3</span> 
     </span>
     <span class='ocr_line' id='line_1_16' title="bbox 708 2406 2805 2510; baseline -0.001 -28"><span class='ocrx_word' id='word_1_108' title='bbox 708 2408 869 2482; x_wconf 87' lang='lat' dir='ltr'><strong>inde</strong></span> <span class='ocrx_word' id='word_1_109' title='bbox 916 2408 1071 2508; x_wconf 84' lang='lat' dir='ltr'><strong>jure</strong></span> <span class='ocrx_word' id='word_1_110' title='bbox 1124 2411 1381 2509; x_wconf 89' lang='lat' dir='ltr'><strong>optimo</strong></span> <span class='ocrx_word' id='word_1_111' title='bbox 1416 2407 1581 2481; x_wconf 90' lang='lat' dir='ltr'><strong>mihi</strong></span> <span class='ocrx_word' id='word_1_112' title='bbox 1616 2406 1887 2480; x_wconf 82' lang='lat' dir='ltr'><strong>videtur</strong></span> <span class='ocrx_word' id='word_1_113' title='bbox 1918 2408 2242 2481; x_wconf 76' lang='lat' dir='ltr'><strong>Listeram</strong></span> <span class='ocrx_word' id='word_1_114' title='bbox 2275 2406 2362 2479; x_wconf 88' lang='lat' dir='ltr'><strong>ad</strong></span> <span class='ocrx_word' id='word_1_115' title='bbox 2413 2406 2805 2510; x_wconf 81' lang='lat' dir='ltr'><strong>Oplzrydem</strong></span> 
     </span>
     <span class='ocr_line' id='line_1_17' title="bbox 710 2526 2800 2627; baseline -0.002 -26"><span class='ocrx_word' id='word_1_116' title='bbox 710 2527 1020 2625; x_wconf 90' lang='lat' dir='ltr'><strong>Scopolii</strong></span> <span class='ocrx_word' id='word_1_117' title='bbox 1070 2526 1550 2599; x_wconf 81' lang='lat' dir='ltr'><strong>amandandam</strong></span> <span class='ocrx_word' id='word_1_118' title='bbox 1608 2551 1781 2617; x_wconf 87' lang='lat' dir='ltr'><strong>esse,</strong></span> <span class='ocrx_word' id='word_1_119' title='bbox 1838 2551 1918 2596; x_wconf 86' lang='lat' dir='ltr'><strong>ac</strong></span> <span class='ocrx_word' id='word_1_120' title='bbox 1966 2551 2174 2621; x_wconf 85' lang='lat' dir='ltr'><strong>genus</strong></span> <span class='ocrx_word' id='word_1_121' title='bbox 2234 2526 2509 2627; x_wconf 76' lang='lat' dir='ltr'><strong>Oplzrys</strong></span> <span class='ocrx_word' id='word_1_122' title='bbox 2560 2526 2800 2598; x_wconf 90' lang='lat' dir='ltr'><strong>Linnei</strong></span> 
     </span>
     <span class='ocr_line' id='line_1_18' title="bbox 703 2643 2800 2744; baseline 0 -29"><span class='ocrx_word' id='word_1_123' title='bbox 703 2646 936 2744; x_wconf 88' lang='lat' dir='ltr'><strong>potius</strong></span> <span class='ocrx_word' id='word_1_124' title='bbox 985 2655 1242 2714; x_wconf 84' lang='lat' dir='ltr'><strong>tantum</strong></span> <span class='ocrx_word' id='word_1_125' title='bbox 1292 2644 1382 2715; x_wconf 89' lang='lat' dir='ltr'><strong>ad</strong></span> <span class='ocrx_word' id='word_1_126' title='bbox 1431 2643 1725 2715; x_wconf 82' lang='lat' dir='ltr'><strong>Listcras</strong></span> <span class='ocrx_word' id='word_1_127' title='bbox 1777 2643 2199 2735; x_wconf 81' lang='lat' dir='ltr'><strong>contrahere,</strong></span> <span class='ocrx_word' id='word_1_128' title='bbox 2255 2671 2450 2740; x_wconf 90' lang='lat' dir='ltr'><strong>quam</strong></span> <span class='ocrx_word' id='word_1_129' title='bbox 2500 2644 2586 2716; x_wconf 87' lang='lat' dir='ltr'><strong>ad</strong></span> <span class='ocrx_word' id='word_1_130' title='bbox 2635 2643 2800 2715; x_wconf 84' lang='lat' dir='ltr'><strong>alias</strong></span> 
     </span>
     <span class='ocr_line' id='line_1_19' title="bbox 705 2761 2798 2860; baseline -0.001 -26"><span class='ocrx_word' id='word_1_131' title='bbox 705 2764 969 2859; x_wconf 86' lang='lat' dir='ltr'><strong>generis</strong></span> <span class='ocrx_word' id='word_1_132' title='bbox 1018 2764 1310 2860; x_wconf 88' lang='lat' dir='ltr'><strong>species,</strong></span> <span class='ocrx_word' id='word_1_133' title='bbox 1365 2775 1442 2831; x_wconf 89' lang='lat' dir='ltr'><strong>ut</strong></span> <span class='ocrx_word' id='word_1_134' title='bbox 1492 2761 1658 2833; x_wconf 90' lang='lat' dir='ltr'><strong>olim</strong></span> <span class='ocrx_word' id='word_1_135' title='bbox 1711 2785 1994 2858; x_wconf 87' lang='lat' dir='ltr'><strong>sequens</strong></span> <span class='ocrx_word' id='word_1_136' title='bbox 2047 2763 2445 2860; x_wconf 90' lang='lat' dir='ltr'><strong>Scopolium</strong></span> <span class='ocrx_word' id='word_1_137' title='bbox 2492 2763 2579 2834; x_wconf 89' lang='lat' dir='ltr'><strong>ab</strong></span> <span class='ocrx_word' id='word_1_138' title='bbox 2629 2788 2798 2834; x_wconf 91' lang='lat' dir='ltr'><strong>anno</strong></span> 
     </span>
     <span class='ocr_line' id='line_1_20' title="bbox 711 2881 2797 2977; baseline -0.002 -21"><span class='ocrx_word' id='word_1_139' title='bbox 711 2886 907 2957; x_wconf 71' lang='lat'><strong>4804</strong></span> <span class='ocrx_word' id='word_1_140' title='bbox 957 2885 1045 2956; x_wconf 89' lang='lat' dir='ltr'><strong>cl.</strong></span> <span class='ocrx_word' id='word_1_141' title='bbox 1107 2884 1569 2953; x_wconf 87' lang='lat' dir='ltr'><strong>Hoffmannius</strong></span> <span class='ocrx_word' id='word_1_142' title='bbox 1622 2881 1860 2970; x_wconf 77' lang='lat' dir='ltr'><strong>efficit,</strong></span> <span class='ocrx_word' id='word_1_143' title='bbox 1903 2905 2050 2950; x_wconf 88' lang='lat' dir='ltr'><strong>nam</strong></span> <span class='ocrx_word' id='word_1_144' title='bbox 2088 2881 2451 2977; x_wconf 90' lang='lat' dir='ltr'><strong>Scopolius</strong></span> <span class='ocrx_word' id='word_1_145' title='bbox 2504 2904 2653 2951; x_wconf 90' lang='lat' dir='ltr'><strong>cum</strong></span> <span class='ocrx_word' id='word_1_146' title='bbox 2685 2907 2797 2970; x_wconf 53' lang='lat' dir='ltr'><strong>ane</strong></span> 
     </span>
     <span class='ocr_line' id='line_1_21' title="bbox 702 2998 2796 3098; baseline -0.001 -26"><span class='ocrx_word' id='word_1_147' title='bbox 702 3016 772 3074; x_wconf 90' lang='lat' dir='ltr'><strong>te</strong></span> <span class='ocrx_word' id='word_1_148' title='bbox 824 3025 1052 3071; x_wconf 90' lang='lat' dir='ltr'><strong>omnes</strong></span> <span class='ocrx_word' id='word_1_149' title='bbox 1088 2998 1220 3071; x_wconf 93' lang='lat' dir='ltr'><strong>hoc</strong></span> <span class='ocrx_word' id='word_1_150' title='bbox 1249 2998 1555 3090; x_wconf 90' lang='lat' dir='ltr'><strong>efficerit,</strong></span> <span class='ocrx_word' id='word_1_151' title='bbox 1589 3001 1745 3072; x_wconf 91' lang='lat' dir='ltr'><strong>ideo</strong></span> <span class='ocrx_word' id='word_1_152' title='bbox 1805 3000 2256 3072; x_wconf 77' lang='lat' dir='ltr'><strong>anterioritate</strong></span> <span class='ocrx_word' id='word_1_153' title='bbox 2274 2999 2426 3098; x_wconf 84' lang='lat' dir='ltr'><strong>jure</strong></span> <span class='ocrx_word' id='word_1_154' title='bbox 2450 3025 2657 3095; x_wconf 85' lang='lat' dir='ltr'><strong>genus</strong></span> <span class='ocrx_word' id='word_1_155' title='bbox 2706 2998 2796 3069; x_wconf 91' lang='lat' dir='ltr'><strong>ab</strong></span> 
     </span>
     <span class='ocr_line' id='line_1_22' title="bbox 701 3115 2799 3220; baseline -0.002 -29"><span class='ocrx_word' id='word_1_156' title='bbox 701 3123 861 3220; x_wconf 91' lang='lat' dir='ltr'><strong>ipso</strong></span> <span class='ocrx_word' id='word_1_157' title='bbox 917 3119 1265 3192; x_wconf 84' lang='lat' dir='ltr'><strong>conditum</strong></span> <span class='ocrx_word' id='word_1_158' title='bbox 1319 3115 1822 3214; x_wconf 89' lang='lat' dir='ltr'><strong>suscipiendum</strong></span> <span class='ocrx_word' id='word_1_159' title='bbox 1853 3118 1964 3187; x_wconf 85' lang='lat' dir='ltr'><strong>sit.</strong></span> <span class='ocrx_word' id='word_1_160' title='bbox 2015 3118 2223 3187; x_wconf 87' lang='lat' dir='ltr'><strong>Hisce</strong></span> <span class='ocrx_word' id='word_1_161' title='bbox 2272 3117 2448 3187; x_wconf 84' lang='lat' dir='ltr'><strong>addo</strong></span> <span class='ocrx_word' id='word_1_162' title='bbox 2500 3117 2799 3188; x_wconf 81' lang='lat' dir='ltr'><strong>Linneus</strong></span> 
     </span>
    </p>
   </div>
   <div class='ocr_carea' id='block_1_3' title="bbox 695 3234 2795 3783">
    <p class='ocr_par' dir='ltr' id='par_1_4' title="bbox 695 3234 2795 3783">
     <span class='ocr_line' id='line_1_23' title="bbox 700 3234 2793 3338; baseline -0.002 -27"><span class='ocrx_word' id='word_1_163' title='bbox 700 3241 879 3313; x_wconf 88' lang='lat' dir='ltr'><strong>haud</strong></span> <span class='ocrx_word' id='word_1_164' title='bbox 907 3240 1036 3312; x_wconf 84' lang='lat' dir='ltr'><strong>alia</strong></span> <span class='ocrx_word' id='word_1_165' title='bbox 1072 3242 1332 3312; x_wconf 89' lang='lat' dir='ltr'><strong>ratione</strong></span> <span class='ocrx_word' id='word_1_166' title='bbox 1377 3238 1655 3338; x_wconf 74' lang='lat' dir='ltr'><strong>Opltrys</strong></span> <span class='ocrx_word' id='word_1_167' title='bbox 1685 3262 1874 3307; x_wconf 91' lang='lat' dir='ltr'><strong>suum</strong></span> <span class='ocrx_word' id='word_1_168' title='bbox 1900 3260 2107 3331; x_wconf 84' lang='lat' dir='ltr'><strong>genus</strong></span> <span class='ocrx_word' id='word_1_169' title='bbox 2141 3235 2434 3324; x_wconf 86' lang='lat' dir='ltr'><strong>vocavit,</strong></span> <span class='ocrx_word' id='word_1_170' title='bbox 2468 3234 2604 3304; x_wconf 89' lang='lat' dir='ltr'><strong>nisi</strong></span> <span class='ocrx_word' id='word_1_171' title='bbox 2635 3235 2793 3331; x_wconf 88' lang='lat' dir='ltr'><strong>quia</strong></span> 
     </span>
     <span class='ocr_line' id='line_1_24' title="bbox 699 3355 2793 3456; baseline -0.004 -25"><span class='ocrx_word' id='word_1_172' title='bbox 699 3358 1278 3456; x_wconf 88' lang='lat' dir='ltr'><strong>complectebatur</strong></span> <span class='ocrx_word' id='word_1_173' title='bbox 1317 3355 1675 3454; x_wconf 79' lang='lat' dir='ltr'><strong>Ophrydes</strong></span> <span class='ocrx_word' id='word_1_174' title='bbox 1711 3372 1969 3425; x_wconf 75' lang='lat' dir='ltr'><strong>ovatum</strong></span> <span class='ocrx_word' id='word_1_175' title='bbox 2019 3378 2100 3425; x_wconf 91' lang='lat' dir='ltr'><strong>ac</strong></span> <span class='ocrx_word' id='word_1_176' title='bbox 2152 3357 2519 3443; x_wconf 83' lang='lat' dir='ltr'><strong>cordatam,</strong></span> <span class='ocrx_word' id='word_1_177' title='bbox 2551 3378 2722 3449; x_wconf 89' lang='lat' dir='ltr'><strong>quae</strong></span> <span class='ocrx_word' id='word_1_178' title='bbox 2755 3378 2793 3422; x_wconf 85' lang='lat' dir='ltr'><strong>a</strong></span> 
     </span>
     <span class='ocr_line' id='line_1_25' title="bbox 695 3472 2795 3572; baseline -0.004 -25"><span class='ocrx_word' id='word_1_179' title='bbox 695 3476 923 3548; x_wconf 92' lang='lat' dir='ltr'><strong>Plinio</strong></span> <span class='ocrx_word' id='word_1_180' title='bbox 976 3500 1191 3571; x_wconf 89' lang='lat' dir='ltr'><strong>usque</strong></span> <span class='ocrx_word' id='word_1_181' title='bbox 1265 3474 1352 3545; x_wconf 89' lang='lat' dir='ltr'><strong>ad</strong></span> <span class='ocrx_word' id='word_1_182' title='bbox 1406 3473 1960 3544; x_wconf 85' lang='lat' dir='ltr'><strong>Tournefortium</strong></span> <span class='ocrx_word' id='word_1_183' title='bbox 2032 3472 2390 3572; x_wconf 79' lang='lat' dir='ltr'><strong>Ophrydes</strong></span> <span class='ocrx_word' id='word_1_184' title='bbox 2459 3495 2795 3567; x_wconf 81' lang='lat' dir='ltr'><strong>nuncupa-</strong></span> 
     </span>
     <span class='ocr_line' id='line_1_26' title="bbox 698 3590 2790 3689; baseline -0.003 -24"><span class='ocrx_word' id='word_1_185' title='bbox 698 3595 993 3684; x_wconf 72' lang='lat' dir='ltr'><strong>bantur,</strong></span> <span class='ocrx_word' id='word_1_186' title='bbox 1049 3593 1276 3689; x_wconf 86' lang='lat' dir='ltr'><strong>aptius</strong></span> <span class='ocrx_word' id='word_1_187' title='bbox 1328 3590 1486 3661; x_wconf 89' lang='lat' dir='ltr'><strong>inde</strong></span> <span class='ocrx_word' id='word_1_188' title='bbox 1512 3590 1779 3662; x_wconf 87' lang='lat' dir='ltr'><strong>videtur</strong></span> <span class='ocrx_word' id='word_1_189' title='bbox 1829 3592 1898 3660; x_wconf 93' lang='lat' dir='ltr'><strong>in</strong></span> <span class='ocrx_word' id='word_1_190' title='bbox 1947 3590 2056 3660; x_wconf 89' lang='lat' dir='ltr'><strong>his</strong></span> <span class='ocrx_word' id='word_1_191' title='bbox 2109 3590 2466 3688; x_wconf 89' lang='lat' dir='ltr'><strong>speciebus</strong></span> <span class='ocrx_word' id='word_1_192' title='bbox 2494 3613 2701 3685; x_wconf 80' lang='lat' dir='ltr'><strong>genus</strong></span> <span class='ocrx_word' id='word_1_193' title='bbox 2749 3613 2790 3658; x_wconf 82' lang='lat' dir='ltr'><strong>a</strong></span> 
     </span>
     <span class='ocr_line' id='line_1_27' title="bbox 695 3706 2466 3783; baseline -0.002 -3"><span class='ocrx_word' id='word_1_194' title='bbox 695 3710 1030 3783; x_wconf 86' lang='lat' dir='ltr'><strong>Bauhinio</strong></span> <span class='ocrx_word' id='word_1_195' title='bbox 1083 3720 1152 3778; x_wconf 89' lang='lat' dir='ltr'><strong>et</strong></span> <span class='ocrx_word' id='word_1_196' title='bbox 1203 3707 1694 3779; x_wconf 89' lang='lat' dir='ltr'><strong>Tournefortio</strong></span> <span class='ocrx_word' id='word_1_197' title='bbox 1750 3706 2124 3778; x_wconf 78' lang='lat' dir='ltr'><strong>confectum</strong></span> <span class='ocrx_word' id='word_1_198' title='bbox 2178 3732 2466 3779; x_wconf 86' lang='lat' dir='ltr'><strong>servare.</strong></span> 
     </span>
    </p>
   </div>
   <div class='ocr_carea' id='block_1_4' title="bbox 793 3940 2782 4157">
    <p class='ocr_par' dir='ltr' id='par_1_5' title="bbox 793 3940 2782 4157">
     <span class='ocr_line' id='line_1_28' title="bbox 805 3940 1855 4016; baseline 0 0"><span class='ocrx_word' id='word_1_199' title='bbox 805 3951 871 4016; x_wconf 68' lang='lat'><strong>4.</strong></span> <span class='ocrx_word' id='word_1_200' title='bbox 934 3940 1395 4015; x_wconf 69' lang='lat' dir='ltr'><strong>AnAcumrns</strong></span> <span class='ocrx_word' id='word_1_201' title='bbox 1450 3947 1855 4016; x_wconf 62' lang='lat' dir='ltr'><strong>memnon.</strong></span> 
     </span>
     <span class='ocr_line' id='line_1_29' title="bbox 793 4058 2782 4157; baseline -0.002 -26"><span class='ocrx_word' id='word_1_202' title='bbox 793 4059 878 4131; x_wconf 88' lang='lat' dir='ltr'><strong>A.</strong></span> <span class='ocrx_word' id='word_1_203' title='bbox 1035 4058 1373 4157; x_wconf 83' lang='lat' dir='ltr'><strong>perigonii</strong></span> <span class='ocrx_word' id='word_1_204' title='bbox 1426 4061 1685 4131; x_wconf 90' lang='lat' dir='ltr'><strong>laciniis</strong></span> <span class='ocrx_word' id='word_1_205' title='bbox 1750 4063 2200 4134; x_wconf 79' lang='lat' dir='ltr'><strong>exterioribus</strong></span> <span class='ocrx_word' id='word_1_206' title='bbox 2258 4059 2782 4135; x_wconf 82' lang='lat' dir='ltr'><strong>ovato-lanceo-</strong></span> 
     </span>
    </p>
   </div>
  </div>
 </body>
</html>
