3244 4887
1217 652 1779 699 maenum-mnu:
2430 629 2510 698 74

536 761 936 841 Arachnites
985 763 1234 858 Hoffm.
1294 768 1372 860 fl.
1441 766 1771 839 d’Allem.
1840 782 1990 839 tom.
2064 768 2137 839 ‘la
2198 785 2379 865 part.
2437 771 2519 840 2.

428 913 510 984 p.
571 883 739 960 478.
799 914 873 957 n.
929 883 1123 957 422.
1181 887 1351 956 excl.
1413 914 1514 982 sp.
1573 884 1711 983 (1).

526 1002 648 1075 Cl.
706 1004 1058 1076 Crantzius
1108 1002 1178 1073 in
1231 1005 1372 1074 suis
1425 1002 1768 1073 fasciculis
1817 1003 2132 1100 stirpium
2162 1004 2527 1076 austriaca-

431 1145 579 1192 rum
629 1145 914 1218 sequens
968 1121 1340 1195 Hallerium
1398 1118 1779 1195 Orchideas
1828 1121 2181 1220 Europeas
2231 1148 2405 1219 pene
2454 1124 2526 1194 in

436 1238 700 1323 duabus
734 1241 1096 1337 generibus
1131 1240 1438 1338 partivit,
1497 1241 1765 1311 scilicet
1801 1243 1869 1312 in
1911 1239 2209 1314 Orc-hide
2243 1256 2310 1313 et
2351 1243 2526 1340 Epi-

416 1360 697 1456 pactide
729 1412 750 1449 ‚
816 1357 904 1428 ad
976 1357 1332 1431 Orclte’dem
1382 1361 1769 1441 amandavit
1826 1360 2228 1463 Oplnydum
2280 1367 2529 1459 specics

429 1478 841 1572 Humanas,
894 1505 1177 1576 quarum
1206 1480 1311 1550 cl*
1344 1479 1754 1552 Richardius
1804 1504 2014 1574 genus
2057 1477 2333 1580 ophrys
2367 1505 2528 1552 con-

429 1598 680 1688 stituit,
738 1598 822 1669 ad
874 1600 1349 1695 Epipaccidem
1400 1598 1635 1668 retulit
1688 1597 1933 1668 multas
1965 1597 2374 1697 Serapiades
2425 1612 2527 1670 at-

430 1741 565 1812 que
607 1713 966 1815 Oplwydes
998 1718 1388 1788 Linneanas
1423 1742 1591 1812 quas
1618 1715 2024 1787 Richardius
2050 1717 2324 1790 Neottia
2358 1699 2526 1788 nun:-

429 1836 731 1931 cupavit.
794 1836 900 1906 Cl.
965 1835 1330 1933 Scopolius
1410 1837 1700 1932 seligens
1776 1849 1968 1907 notas
2041 1838 2386 1931 genericas
2440 1864 2520 1909 ex

428 1965 758 2042 structura
809 1955 1220 2049 gyuostemii
1270 1980 1444 2051 pene
1506 1953 1880 2051 eodemque
1928 1957 2133 2028 modo
2185 1981 2262 2027 ac
2313 1959 2524 2028 Gran-

428 2074 608 2145 tzius
658 2099 866 2170 genus
909 2072 1157 2146 Orobis
1208 2075 1615 2164 efformavit,
1656 2073 1779 2146 sed
1812 2074 2115 2146 abolevit
2163 2076 2526 2173 Epipacti-

423 2195 568 2264 dem
614 2193 912 2264 restituit
961 2190 1407 2289 Serapiadem
1433 2204 1499 2262 et
1559 2189 1955 2292 Ophrydcm
1988 2191 2230 2264 Linnei
2262 2220 2283 2283 3
2325 2221 2363 2264 a
2397 2193 2514 2265 Sc-

423 2315 710 2409 rapiade
744 2311 1153 2408 Serapiades
1181 2311 1496 2380 Swartzii
1533 2308 1811 2397 ademit,
1853 2333 2104 2404 easque
2153 2307 2239 2378 ad
2280 2307 2525 2381 Orchi-

425 2433 576 2501 dem
629 2430 1008 2502 amandavit
1049 2457 1070 2521 3
1127 2427 1212 2499 ad
1253 2427 1644 2528 Ophrydem
1713 2424 2072 2526 Ophrydcs
2105 2423 2522 2518 Linneanas‚

424 2573 603 2622 nunc
636 2547 941 2619 Neottias
977 2545 1361 2635 Richardii‚
1396 2555 1652 2616 tantum
1692 2546 1995 2639 reliquit,
2052 2558 2354 2615 coeteras
2385 2541 2524 2619 fere

425 2666 554 2739 sub
640 2665 936 2740 Orchide
989 2666 1346 2737 recensuit.
1407 2664 1639 2736 Genus
1695 2665 1974 2767 Oplzrys
2033 2666 2132 2736 sic
2202 2665 2526 2738 constitu-

424 2796 568 2856 tum
617 2783 799 2855 idem
850 2806 929 2854 ac
957 2782 1235 2853 Neottia
1271 2782 1629 2855 Richardii
1665 2800 1789 2855 est.
1844 2784 1954 2855 Cl.
1998 2785 2370 2856 Swartzius
2403 2809 2526 2857 no-

429 2913 535 2971 tas
584 2901 930 2999 genericas
985 2928 1025 2974 a
1080 2902 1408 2999 Scopolio
1489 2902 1891 2973 constitutas
1918 2903 2262 2999 negligens
2318 2916 2521 3002 atque

514 3200 593 3285 (1)
614 3203 833 3265 Nescio
860 3206 996 3280 quia
1015 3203 1131 3264 hoc
1153 3204 1399 3264 verbum
1420 3206 1617 3281 potius
1637 3203 2016 3266 Adrachnites
2036 3227 2216 3284 quam
2236 3209 2524 3271 Araclmi-

421 3316 502 3370 tes
545 3306 922 3369 scribendum
949 3324 964 3373 ;
1008 3303 1288 3364 Lobelius
1342 3302 1758 3364 Andraclmitis
1813 3304 2071 3380 scrispit,
2130 3308 2234 3366 sed
2286 3307 2524 3369 Andra-

423 3409 565 3468 chne
588 3406 1070 3480 antiquorum‚ac
1098 3402 1495 3462 recentiorum
1517 3402 1590 3461 ab
1607 3402 1725 3463 hoc
1752 3420 1965 3479 genere
1995 3405 2224 3472 aliena3
2256 3402 2520 3469 Linneus

427 3505 809 3569 Adrachnites
852 3504 956 3562 sed
999 3503 1158 3561 certe
1187 3518 1262 3560 ex
1290 3518 1493 3561 errore
1530 3503 2005 3579 typographch,
2038 3521 2177 3564 nam
2215 3502 2521 3566 Adrachne

423 3604 619 3677 Plinii,
665 3623 801 3667 cum
839 3603 1036 3664 frutex
1077 3604 1178 3674 sit,
1221 3603 1410 3679 magis
1441 3619 1620 3677 quam
1648 3600 1994 3661 Andrachne
2021 3620 2061 3680 a*
2086 3602 2302 3677 plantis
2333 3603 2515 3683 hujus

421 3706 654 3783 generis
697 3706 942 3766 omnino
970 3704 1186 3763 aliena.
1217 3702 1341 3763 Nos
1372 3698 1742 3768 Arachnites‚
1796 3702 1860 3757 ut
1906 3698 2325 3762 Hoffmannius
2368 3706 2519 3765 scri-

423 3806 646 3881 psimus
691 3819 769 3861 ex
812 3803 1053 3877 Αράχνης
1094 3817 1370 3870 araneuS,
1416 3801 1589 3877 quasi
1611 3817 1686 3859 ex
1705 3800 1973 3871 ssoribuS,
2007 3820 2290 3862 araneum
2333 3806 2523 3866 simu-

420 3904 682 3963 lantibus
713 3923 728 3973 ;
758 3906 874 3965 hac
901 3889 1081 3984 etiam
1123 3900 1350 3959 ratione
1379 3899 1456 3958 cl.
1488 3898 1874 3960 Reichardius
1903 3901 1962 3961 in
1994 3918 2103 3960 sua
2129 3903 2275 3964 flora
2302 3921 2516 3964 moeno

420 4001 858 4063 francofurtana
893 4047 908 4072 ‚
956 4002 1305 4060 varietatem
1349 4024 1384 4066 η
1439 3999 1731 4078 Ophrydis
1794 4002 2147 4079 insectiserae
2206 4002 2389 4062 Linn.
2442 4004 2517 4063 Ο.

422 4100 763 4160 Arachnites
806 4100 1141 4176 appellavit.
