3244 4887
763 578 858 646 88
1515 599 2078 645 uncum-nunu:

764 711 948 781 notis
997 708 1317 796 diversa,
1383 718 1587 803 atque
1629 711 1940 887 absque
1962 711 2110 782 ullo
2153 710 2383 794 dubio
2435 714 2526 786 ad
2585 713 2680 786 A.
2713 708 2855 785 tim-

762 831 1137 918 thrcdinism
1141 854 1261 897 um
1311 825 1676 901 referenda.

873 947 1148 1046 ophrys
1199 950 1625 1041 qmndiplom
1686 948 1848 1020 Ten.
1908 948 2140 1022 eadem
2192 972 2271 1018 ao
2325 946 2432 1018 A
2495 950 2857 1023 temler-edi-

762 1072 985 1156 m'sera
1038 1081 1162 1155 est,
1220 1080 1288 1136 et
1337 1065 1478 1136 ab
1459 1089 1656 1136 mone
1690 1064 1871 1137 haud
1897 1068 2068 1136 bene
2101 1077 2659 1161 repraesentatur,
2693 1069 2839 1141 nam

769 1185 863 1253 ob
912 1185 1406 1279 gynostemium
1458 1207 1635 1280 pene
1683 1196 1881 1254 acute
1929 1196 2318 1273 rostratum,
2357 1185 2590 1283 potius
2622 1184 2842 1256 adA.

768 1304 1235 1403 oxyn-lynclzos
1283 1301 1650 1373 referenda.
1689 1302 2132 1374 Vehementer
2163 1306 2527 1402 suspicior,
2553 1340 2560 1353 ·
2583 1306 2676 1376 cl.
2721 1304 2858 1374 Te-

767 1421 1000 1493 norius
1058 1419 1220 1492 dum
1279 1420 1619 1515 evulgavit
1674 1422 1899 1492 icones
1980 1420 2070 1496 Ο.
2142 1426 2730 1515 εειαήνεᾱὶνήΐενασ
2796 1428 2858 1493 ἐι

767 1541 1225 1635 yrandifflorae
1258 1536 1523 1633 plantas
1556 1539 1743 1608 vivas
1778 1536 1958 1608 haud
1989 1539 2387 1636 inspexisse,
2421 1554 2488 1610 et
2520 1538 2855 1610 in‘adnm-

769 1655 1190 1726 brationibus
1239 1655 1346 1725 vel
1401 1655 1470 1725 in
1520 1654 1899 1750 provinciis
1950 1657 2252 1727 executis
2302 1669 2372 1726 et
2433 1656 2540 1726 ol.·
2594 1654 2855 1727 au'otori

771 1773 997 1843 missis
1037 1825 1057 1861 ,
1110 1773 1219 1842 vel
1269 1797 1355 1842 ex
1406 1754 1589 1843 sicco
1643 1774 1978 1868 excerptis
2029 1771 2208 1844 haud
2256 1774 2518 1844 notavit
2568 1772 2850 1844 fascicu—

767 1892 905 1961 lum
955 1891 1276 1985 pilorum,
1334 1890 1492 1961 inde
1543 1892 1645 1959 sie
1678 1889 2067 1960 describens
2104 1891 2203 1960 uti
2237 1888 2540 1960 diversas
2573 1887 2844 1960 hahuit}

769 2007 1127 2080 Enimvero
1180 2008 1275 2078 A.
1322 1988 1874 2098 ientlzredinifera
1928 2009 2129 2079 habet
2179 1998 2701 2107 gynostemium,
2760 2007 2860 2097 uti

769 2128 841 2198 in
895 2129 1088 2199 icone
1147 2127 1236 2201 0.
1294 2130 1886 2218 temhrediniferae
1948 2126 2110 2199 Ten.
2140 2125 2553 2222 >depingitur
2584 2179 2605 2216 ,
2661 2136 2863 2221 atque

768 2248 1106 2342 perigonii
1142 2248 1422 2318 laciniae
1457 2249 1827 2317 exteriores
1862 2244 2261 2343 plerumque
2288 2243 2863 2341 ovato—ellipticae

767 2357 1300 2464 oonspieiuntur,
1357 2366 1590 2466 potius
1641 2390 1838 2463 quam
1874 2360 2702 2461 elliptioffisubrotundae,
2761 2365 2863 2436 uti

769 2486 840 2556 in
892 2486 1086 2557 icone
1143 2485 1233 2558 0.
1292 2487 1748 2583 yrundiflorae
1810 2485 1969 2555 Ten.

875 2606 946 2676 7.
1008 2603 1459 2676 Anacnmrns
1512 2631 1835 2674 armena.

868 2717 955 2792 A.
1099 2723 1437 2819 perigonii
1507 2724 1773 2796 laciniis
1826 2724 2047 2794 tribus
2083 2722 2531 2794 exterioribus
2610 2727 2851 2792 ovato-

771 2840 1102 2936 elliptieis
1131 2894 1151 2931 ,
1209 2842 1496 2932 obtusis,
1549 2842 1959 2937 patentibuS,
2000 2841 2180 2912 binis
2229 2840 2663 2912 interioribus
2695 2840 2864 2911 bre-

776 2956 1072 3027 vissimis
1097 3011 1118 3048 ,
1176 2958 1471 3047 villosis,
1528 2958 1639 3029 vel
1693 2958 2189 3052 glabriusoulis,
2248 2959 2870 3034 ovato-lanceolatis

775 3076 1210 3148 acutiusculis
1244 3103 1265 3167 ς
1314 3077 1567 3148 labello
1621 3076 2069 3167 subrotundo,
2111 3089 2339 3166 ovato,
2379 3077 2708 3167 velutino,
2746 3078 2867 3146 tri-

776 3193 942 3279 fido,
998 3216 1324 3285 convexo,
1385 3196 1648 3266 laciniis
1699 3197 2089 3267 lateralibus
2139 3183 2867 3287 verticalibuS,'hii‘su-

779 3311 890 3399 tis,
949 3312 1095 3382 basi
1147 3313 1425 3407 gibbere
1476 3315 1713 3385 oonieo
1765 3314 2134 3403 instruotiS,
2176 3310 2397 3382 media
2446 3313 2723 3403 triloba,
2762 3313 2866 3384 lo-

780 3431 889 3501 his
940 3435 1334 3525 recurvatis,
1375 3433 1601 3505 medio
1655 3434 1725 3502 in
1776 3431 2228 3529 appendicula
2261 3427 2495 3524 glabm
2545 3427 2864 3502 deorsum

776 3577 966 3621 versa
1001 3553 1398 3624 terminato·
1381 3605 1400 3641 ,
1440 3552 1862 3650 gynostemio
1899 3552 2099 3646 longe
2132 3562 2456 3622 rostrato-
2457 3552 2859 3621 acuminato.

789 3668 850 3737 T
844 3696 950 3739 Au
1014 3701 1100 3743 ιι.
1163 3681 1217 3763 f.
1279 3675 1349 3743 4.
1410 3687 1471 3742 et
1519 3672 1599 3742 2.
2611 3677 2618 3684 ’

879 3785 1273 3858 Arachnites
1325 3786 1572 3883 apifera
1627 3787 1782 3876 Hos.
1826 3794 1904 3878 fl.
1949 3790 2015 3855 d'
2044 3786 2188 3857 All.
2235 3788 2304 3858 4.
2329 3815 2408 3884 p.
2442 3787 2520 3857 2.
2549 3813 2631 3883 p.
2680 3783 2851 3859 480.

880 3903 1158 3999 Ophrys
1184 3906 1443 4000 apifera
1471 3904 1688 3977 Huds.
1723 3912 1804 3996 fl.
1851 3905 2036 4000 anql.
2080 3910 2187 3976 ed.
2231 3907 2301 3977 4.
2320 3934 2400 4003 p.
2444 3905 2630 3981 340.
2666 3905 2859 3974 eled.

781 4024 857 4092 2.
907 4050 987 4118 p.
1044 4023 1221 4097 394.
1281 4024 1517 4094 Smitlz.
1581 4025 1658 4113 fl.
1717 4026 1892 4092 bria.
1952 4022 2029 4097 3.
2060 4051 2140 4119 p.
2183 4022 2362 4097 938.
2392 4037 2468 4092 -et
2501 4025 2683 4115 onyl.
2729 4023 2857 4089 bot.

781 4158 823 4209 t.
887 4138 1064 4215 383.
1124 4156 1182 4209 et
1224 4144 1424 4235 prod.
1489 4148 1570 4230 sl.
1637 4169 1862 4236 ymen.
1932 4143 2010 4214 2.
2071 4172 2151 4239 p.
2230 4143 2403 4215 246.
2487 4171 2559 4211 n.
2626 4139 2860 4246 2493.
