3244 4887
1170 601 1737 651 AuAcuNrnnEAr.
2406 577 2506 647 23

410 714 668 804 minali,
725 714 1000 786 circiter
1049 715 1509 814 bipollicariS,
1566 715 1638 785 in
1691 712 2036 786 fertilibus
2087 711 2288 783 etiam
2340 725 2514 809 qua-'

408 844 565 904 tuor
607 832 903 931 pollices
955 833 1178 930 longa.
1246 829 1584 928 Perigonii
1640 829 1927 902 laciniae
1962 841 2102 902 tres
2137 830 2506 903 exteriores

407 948 817 1024 lanceolatae
851 1006 871 1044 ,
928 964 1158 1024 acutae
1188 1005 1210 1043 ,
1268 952 1337 1021 in
1392 949 1582 1045 galea
1638 948 1991 1019 suberecta
2043 949 2500 1040 conniventeS,

406 1067 796 1161 distinctae,
852 1071 1174 1143 labellum
1207 1069 1722 1165 subaequantes,
1761 1064 1977 1137 dilute
2026 1090 2289 1157 roseae,
2347 1069 2508 1140 sub-

406 1186 764 1276 trinerves,
804 1187 1026 1258 nervis
1061 1186 1585 1275 intensioribus;
1611 1185 1815 1256 binae
1844 1182 2204 1256 interiores
2239 1185 2507 1258 lineari-

408 1301 853 1395 lanceolatae,
903 1302 1295 1377 laciniarum
1345 1306 1758 1375 exteriorum
1818 1302 2174 1374 dimidium
2226 1305 2342 1374 vix
2393 1331 2509 1375 su-

362 1458 367 1461 2
402 1438 741 1518 perantes,
795 1423 1284 1513 acutiusculae,
1342 1447 1643 1512 carneae,
1701 1421 2083 1508 uninerveS,
2142 1445 2349 1491 nervo
2397 1447 2509 1493 ro-

337 1568 347 1580 ·
406 1565 549 1631 seo,
605 1543 921 1640 apicibus
952 1566 1156 1638 super
1184 1540 1683 1638 gynostemium
1719 1538 2110 1611 incurvatis.
2153 1539 2508 1613 Labellum

405 1659 849 1757 tripartitum,
907 1658 1127 1731 dilute
1177 1684 1469 1748 roseum,
1521 1659 1804 1731 maculis
1854 1659 2081 1730 rubris
2133 1685 2332 1757 saepe
2364 1684 2509 1732 sca-

405 1777 778 1852 briusculis
812 1788 1206 1875 punctatum
1241 1803 1262 1868 3
1301 1777 1571 1849 laciniis
1606 1776 2001 1867 linearibus,
2042 1778 2511 1874 angustis,.la-

404 1897 733 1969 teralibus
783 1895 1177 1967 subfalcatis
1209 1947 1230 1984 ,
1288 1893 1510 1964 media
1561 1894 1909 1990 subduplo
1963 1895 2260 1992 longiori
2308 1911 2510 1994 atque

403 2016 658 2108 latiori,
690 2019 997 2091 ovarium
1021 2017 1141 2090 vix
1167 2025 1552 2111 superante,
1601 2012 1843 2104 bifida,
1880 2038 2028 2086 cum
2053 2014 2410 2088 denticulo¹
2437 2019 2511 2088 in

410 2134 566 2206 sinu
614 2134 891 2209 fissurae
941 2130 1342 2231 interjecto,
1388 2131 1720 2221 filiformi,
1760 2130 1929 2202 duas
1980 2131 2191 2203 lineas
2243 2133 2524 2208 circiter*

295 2254 299 2257 ’
407 2244 613 2345 longo
649 2277 670 2341 3
726 2251 1037 2322 cruribus
1090 2250 1359 2320 laciniis
1394 2249 1793 2321 lateralibus
1828 2248 2319 2322 conformibus.
2358 2251 2514 2325 Cal-

406 2390 518 2438 car
548 2365 968 2439 descendens
1003 2377 1119 2436 aut
1145 2391 1379 2438 versus
1405 2369 1729 2438 labellum
1755 2342 2306 2460 curvum,snbtus
2334 2395 2514 2442 com-

403 2481 965 2582 pressiusculum,
1016 2483 1216 2579 apice
1265 2483 1608 2573 obtusum,
1663 2497 1781 2555 aut
1832 2488 2142 2559 obsolete
2191 2488 2504 2561 hilobum

405 2603 638 2678 ovario
686 2600 974 2673 dimidio
1025 2601 1323 2697 longius,
1359 2602 1474 2672 vel
1500 2601 1803 2672 brevius.
1853 2602 2369 2697 Gynostemium
2397 2629 2509 2675 ro-

404 2746 591 2791 seum
622 2773 643 2811 ,
700 2719 1042 2817 perigonii
1095 2718 1367 2791 laciniis
1422 2719 1884 2791 exterioribus
1933 2722 2148 2820 triplo
2200 2723 2503 2796 brevius.

403 2841 722 2911 Bracteae
773 2852 1035 2929 ovatae,
1060 2870 1071 2886 ›·
1094 2837 1208 2910 vel
1264 2837 1707 2930 lanceolatae,
1764 2840 2199 2932 acuminatae,
2234 2854 2351 2914 aut
2401 2842 2512 2914 bi·-

405 2961 739 3051 dentatae,
779 2961 1162 3051 uninerveS,
1200 2957 1706 3049 canaliculatae,
1767 2958 2229 3051 brevissimae,
2271 2961 2508 3037 ovario

405 3081 755 3152 multoties
804 3081 1174 3153 breviores.
2574 3072 2580 3077 ’

505 3199 616 3267 Cl.
677 3198 1118 3293 Sprengelius
1158 3198 1226 3266 in
1263 3214 1422 3297 εχει.
1465 3226 1611 3295 veq.
1649 3198 1725 3274 3.
1761 3228 1843 3297 p.
1907 3198 2058 3274 686
2099 3198 2272 3289 haec
2302 3202 2509 3297 stirps

405 3318 505 3388 uti
556 3318 953 3389 varietatem
1014 3316 1335 3389 Orclzidis
1384 3322 1621 3388 simiae
1680 3317 1947 3387 habuit.
2014 3316 2125 3386 Cl.
2185 3318 2509 3390 Smithius

405 3436 493 3530 in*
536 3436 788 3508 litteris
861 3436 1064 3508 etiam
1120 3434 1386 3505 monuit
1479 3434 1586 3504 cl.
1664 3432 2510 3505 Bivonam-Bernardium

404 3557 573 3650 hanc
601 3581 748 3627 esse
781 3553 1143 3629 Orclz³dem
1169 3555 1674 3651 tephrosanthos
1715 3554 2002 3627 Swavi'z.
2038 3555 2221 3626 orch.
2264 3585 2334 3627 π.
2369 3553 2498 3630 35.

404 3688 624 3747 tamen
673 3676 939 3765 habitu,
1004 3674 1276 3745 laciniis
1334 3673 1674 3771 perigonii
1733 3672 2110 3763 distinctis,
2190 3673 2511 3748 labellum

406 3791 1002 3892 subaequantibus,
1048 3792 1236 3863 soliis
1266 3792 1688 3887 subglaucis,
1730 3818 1996 3892 semper
2028 3794 2371 3866 undulatis
2409 3795 2513 3867 vi-

405 3914 605 3984 detur
654 3911 950 3982 diversa.
991 3911 1303 3994 Botanici
1331 3912 1560 4007 gallici
1596 3925 1847 4003 autem,
1876 3893 2325 4010 quibuslicet
2358 3913 2511 3986 ber-

407 4031 673 4106 harium
726 4031 1276 4107 Lamarckianum
1312 4031 1677 4107 observare
1725 4031 2001 4108 videant
2054 4036 2376 4133 quantum
2417 4034 2507 4109 ab
